@article{Marra2021AutomaticClassification,
  title={Automatic Product Classification in International Trade: Machine Learning and Large Language Models},
  author={Marra de Artiñano, Ignacio and Riottini Depetris, Franco and Volpe Martincus, Christian},
  year={2021},
  month={Jul},
  doi={10.18235/0005012},
  note={Available at http://dx.doi.org/10.18235/0005012}
}
@online{JStextclass2022,
  title={Recent Advances in Hierarchical Multi-label Text Classification: A Survey},
  author={Rundong Liu, Wenhan Liang},
  year={2022},
  url={https://arxiv.org/abs/2307.16265}
}

@unpublished{spacy2,
    AUTHOR = {Honnibal, Matthew and Montani, Ines},
    TITLE  = {{spaCy 2}: Natural language understanding with {B}loom embeddings, convolutional neural networks and incremental parsing},
    YEAR   = {2017},
    Note   = {To appear}
}
@ARTICLE{9099858,
  author={Jiménez-Mesa, Carmen and Illán, Ignacio Alvarez and Martín-Martín, Alberto and Castillo-Barnes, Diego and Martinez-Murcia, Francisco Jesus and Ramírez, Javier and Górriz, Juan M.},
  journal={IEEE Access}, 
  title={Optimized One vs One Approach in Multiclass Classification for Early Alzheimer’s Disease and Mild Cognitive Impairment Diagnosis}, 
  year={2020},
  volume={8},
  number={},
  pages={96981-96993},
  keywords={Feature extraction;Magnetic resonance imaging;Dementia;Standards;Neuroimaging;Machine learning;Alzheimer’s disease;CAD;error correcting output codes;mild cognitive impairment;multiclass classification;one versus one;partial least squares;random forests;support vector machines},
  doi={10.1109/ACCESS.2020.2997736}}




@article{Church2017,
  title = {Why are some papers cited more than others?},
  author = {Kenneth Ward Church},
  journal = {Natural Language Engineering},
  volume = {23},
  number = {1},
  pages = {155--162},
  year = {2017},
  doi = {10.1017/S1351324916000334},
  url = {https://doi.org/10.1017/S1351324916000334},
  publisher = {Cambridge University Press},
  type = {Emerging Trends}
}

@online{munozWordEmbeddings,
  author = {Eduardo Muñoz},
  title = {Introduction to Natural Language Processing: Word Embeddings & Sentiment Analysis with Python},
  year = {2020},
  url = {https://edumunozsala.github.io/BlogEms/jupyter/nlp/classification/embeddings/python/2020/08/15/Intro_NLP_WordEmbeddings_Classification.html}
}
@article{DiGennaro2021,
  author    = {Giovanni Di Gennaro and Amedeo Buonanno and Francesco A. N. Palmieri},
  title     = {Considerations about learning Word2Vec},
  journal   = {The Journal of Supercomputing},
  volume    = {77},
  number    = {11},
  pages     = {12320--12335},
  year      = {2021},
  doi       = {10.1007/s11227-021-03743-2},
  url       = {https://doi.org/10.1007/s11227-021-03743-2},
  issn      = {1573-0484},
}



@article{Lewis2004ReutersCodes,
  title={RCV1: A New Benchmark Collection for Text Categorization Research.},
  author={Lewis, David D. and others},
  journal={Journal of Machine Learning Research},
  volume={5},
  year={2004},
  url={https://www.jmlr.org/papers/volume5/lewis04a/lewis04a.pdf}
}

@online{Haav2021HSCodes,
  author={Haav, Hele-Mai},
  title={Assessment of HS Code Correctness},
  year={2021},
  url={https://www.researchgate.net/profile/Hele-Mai-Haav/publication/347853155_Application_of_Machine_Learning_for_Assessment_of_HS_Code_Correctness/links/6012a61b92851c2d4dfc1175/Application-of-Machine-Learning-for-Assessment-of-HS-Code-Correctness.pdf}
}

@article{Lee2022Transformer,
  title={Comparative Study of Multiclass Text Classification in Research Proposals Using Pretrained Language Models},
  author={Lee, Eunchan and Lee, Changhyeon and Ahn, Sangtae},
  journal={Applied Sciences},
  volume={12},
  number={9},
  pages={4522},
  year={2022},
  doi={10.3390/app12094522}
}


@incollection{versley2006hierarchical,
  title={Hierarchical classification of text documents},
  author={Versley, Yannick},
  booktitle={Notes of the Lecture at the European Summer School on Logic, Language and Information (ESSLLI)},
  volume={2006},
  year={2006},
  publisher={Citeseer}
}

@article{sebastiani2020hierarchical,
  title={A survey of hierarchical classification across different application domains},
  author={Sebastiani, Fabrizio},
  journal={Data Mining and Knowledge Discovery},
  volume={34},
  number={1},
  pages={1--50},
  year={2020},
  publisher={Springer}
}

@book{bird2009natural,
  title={Natural language processing with Python: analyzing text with the natural language toolkit},
  author={Bird, Steven and Klein, Ewan and Loper, Edward},
  year={2009},
  publisher={" O'Reilly Media, Inc."}
}

@article{liu2018word,
  title={Word embeddings: A survey},
  author={Liu, Ying and Liu, Zhiyuan and Chua, Tat-Seng and Sun, Maosong},
  journal={arXiv preprint arXiv:1807.04606},
  year={2018}
}

@article{fawcett2006introduction,
  title={An introduction to ROC analysis},
  author={Fawcett, Tom},
  journal={Pattern recognition letters},
  volume={27},
  number={8},
  pages={861--874},
  year={2006},
  publisher={Elsevier}
}

@article{amigo2018general,
  title={General evaluation measures for document organization tasks},
  author={Amig{\'o}, Enrique and Gonzalo, Julio and Artiles, Javier and Verdejo, Felisa},
  journal={Springer},
  volume={2018},
  year={2018}
}
@misc{firsov2024project,
  author = {Firsov, Sergey},
  title = {Classification of products according to OKPD 2 codes. Project for the course m1p.},
  year = {2024},
  howpublished = {\url{https://github.com/intsystems/2024-Project-142}},
  %note = {Классификация товаров по ОКПД 2 кодам. Проект для курса m1p. Разрабатывается Фирсовым Сергеем.}
}
